@article{House:2018,
author = {House, Thomas},
title = {Fast Non-Parametric Estimation of Outbreak Growth from
	Cumulative Incidence Applied to the Current Ebola Epidemic},
journal = {bioRxiv},
year = {2018},
note = {DOI: 10.1101/340067},
}

@article{ScaliaTomba:2008,
title = {A simple explanation for the low impact of border control as a
	countermeasure to the spread of an infectious disease},
journal = {Mathematical Biosciences},
volume = {214},
number = {1},
pages = {70-72},
year = {2008},
author = {Gianpaolo {Scalia Tomba} and Jacco Wallinga},
}

@article{Yakovlev:2010,
author = {Andrei Y. Yakovlev and Nikolay M. Yanev },
title = {Limiting Distributions for Multitype Branching Processes},
journal = {Stochastic Analysis and Applications},
volume = {28},
number = {6},
pages = {1040-1060},
year  = {2010},
}

@article{Lloyd-Smith:2005,
title={Superspreading and the effect of individual variation on disease emergence},
author={Lloyd-Smith, James O and Schreiber, Sebastian J and Kopp, P Ekkehard and Getz, Wayne M},
journal={Nature},
volume={438},
number={7066},
pages={355-359},
year={2005},
}

@article{Dorman:2004,
title={In the garden of branching processes},
author={Dorman, Karin S and Sinsheimer, Janet S and Lange, Kenneth},
journal={SIAM review},
volume={46},
number={2},
pages={202-229},
year={2004},
}

@article{Endo:2020,
title={Estimating the overdispersion in {COVID-19} transmission using outbreak sizes outside {C}hina},
author={Akira Endo and {Centre for the Mathematical Modelling of Infectious
	Diseases COVID-19 Working Group} and Sam Abbott and Adam J. Kucharski and
	Sebastian Funk},
journal={Wellcome Open Research},
volume={5},
number={67},
year={2020},
pages={DOI: 10.12688/wellcomeopenres.15842.3},
note={[version 3; peer review: 2 approved]},
}

@article{Hollingsworth:2006,
title = {Will travel restrictions control the international spread of pandemic influenza?},
volume = {12},
number = {5},
journal = {Nature Medicine},
author = {Hollingsworth, T D\'{e}irdre and Ferguson, Neil M and Anderson, Roy M},
year = {2006},
pages = {497-499},
}


