%% This BibTeX bibliography file was created using BibDesk.
%% https://bibdesk.sourceforge.io/

%% Created for Jakey at 2021-04-19 21:12:14 +0100 


%% Saved with string encoding Unicode (UTF-8) 



@article{lloyd2005superspreading,
	author = {Lloyd-Smith, James O and Schreiber, Sebastian J and Kopp, P Ekkehard and Getz, Wayne M},
	date-added = {2021-04-19 21:09:23 +0100},
	date-modified = {2021-04-19 21:09:23 +0100},
	journal = {Nature},
	number = {7066},
	pages = {355--359},
	publisher = {Nature Publishing Group},
	title = {Superspreading and the effect of individual variation on disease emergence},
	volume = {438},
	year = {2005}}

@article{tomba2008simple,
	author = {Tomba, Gianpaolo Scalia and Wallinga, Jacco},
	date-added = {2021-04-19 21:09:23 +0100},
	date-modified = {2021-04-19 21:09:23 +0100},
	journal = {Mathematical biosciences},
	number = {1-2},
	pages = {70--72},
	publisher = {Elsevier},
	title = {A simple explanation for the low impact of border control as a countermeasure to the spread of an infectious disease},
	volume = {214},
	year = {2008}}

@article{dorman2004garden,
	author = {Dorman, Karin S and Sinsheimer, Janet S and Lange, Kenneth},
	date-added = {2021-04-19 21:09:23 +0100},
	date-modified = {2021-04-19 21:09:23 +0100},
	journal = {SIAM review},
	number = {2},
	pages = {202--229},
	publisher = {SIAM},
	title = {In the garden of branching processes},
	volume = {46},
	year = {2004}}

@article{endo2020estimating,
	author = {Endo, Akira and others},
	date-added = {2021-04-19 21:09:23 +0100},
	date-modified = {2021-04-19 21:09:23 +0100},
	journal = {Wellcome Open Research},
	publisher = {The Wellcome Trust},
	title = {Estimating the overdispersion in COVID-19 transmission using outbreak sizes outside China},
	volume = {5},
	year = {2020}}
